<record><leader>00000cas a22000007a 4500</leader><controlfield tag="001">36924027</controlfield><controlfield tag="008">970517d18841925tnuwr ne      0   a0eng d</controlfield><datafield ind1=" " ind2=" " tag="010"><subfield code="a">sn 97065075 </subfield></datafield><datafield ind1=" " ind2=" " tag="040"><subfield code="a">TGN</subfield><subfield code="b">eng</subfield><subfield code="c">TGN</subfield><subfield code="d">OCLCQ</subfield><subfield code="d">OCLCF</subfield><subfield code="d">DLC</subfield></datafield><datafield ind1="0" ind2=" " tag="022"><subfield code="a">2376-5585</subfield><subfield code="2">1</subfield></datafield><datafield ind1=" " ind2=" " tag="042"><subfield code="a">msc</subfield><subfield code="a">nsdp</subfield></datafield><datafield ind1=" " ind2=" " tag="043"><subfield code="a">n-us-tn</subfield></datafield><datafield ind1="0" ind2="0" tag="050"><subfield code="a">Newspaper</subfield></datafield><datafield ind1="0" ind2="0" tag="082"><subfield code="a">071</subfield><subfield code="2">23</subfield></datafield><datafield ind1="0" ind2=" " tag="130"><subfield code="a">Lawrence democrat (Lawrenceburg, Tenn.)</subfield></datafield><datafield ind1=" " ind2="0" tag="222"><subfield code="a">Lawrence democrat</subfield><subfield code="b">(Lawrenceburg, Tenn. Print)</subfield></datafield><datafield ind1="1" ind2="0" tag="245"><subfield code="a">Lawrence democrat.</subfield></datafield><datafield ind1="1" ind2=" " tag="246"><subfield code="i">Title appears as:</subfield><subfield code="a">Twice-a-week Lawrence democrat</subfield><subfield code="f">Oct. 6-Nov. 17, 1905</subfield></datafield><datafield ind1=" " ind2=" " tag="260"><subfield code="a">Lawrenceburg, Tenn. :</subfield><subfield code="b">W.T. Nixon &amp; W.A. Stewart,</subfield><subfield code="c">-1925.</subfield></datafield><datafield ind1=" " ind2=" " tag="300"><subfield code="a">v.</subfield></datafield><datafield ind1=" " ind2=" " tag="310"><subfield code="a">Weekly,</subfield><subfield code="b">Jan. 30, 1912-Dec. 23, 1925</subfield></datafield><datafield ind1=" " ind2=" " tag="321"><subfield code="a">Weekly,</subfield><subfield code="b">&lt;Apr. 25, 1890&gt;-Sept. 8, 1905</subfield></datafield><datafield ind1=" " ind2=" " tag="321"><subfield code="a">Semiweekly,</subfield><subfield code="b">Sept. 12, 1905-Jan. 26, 1912</subfield></datafield><datafield ind1="1" ind2=" " tag="362"><subfield code="a">Began in 1884.</subfield></datafield><datafield ind1="0" ind2=" " tag="362"><subfield code="a">-v. 42, no. 18 (Dec. 23, 1925).</subfield></datafield><datafield ind1=" " ind2=" " tag="500"><subfield code="a">Publishers: W.T. Nixon &amp; W.A. Stewart, &lt;1890&gt;-1891; A.C. Tinsley, 1892-&lt;1893&gt;; L. Mino Bentley, &lt;1894&gt;; C.H. &amp; L.M. Bentley, 1894; C.H. Bentley, 1894-&lt;1896&gt;; C.T. Crawford &amp; T.H. Meredith, &lt;1903&gt;-1905; C.T. Crawford &amp; L.B. White, 1905; C.T. Crawford &amp; Noah White, 1905-1906; C.T. Crawford, 1906-1915; C.T. Crawford &amp; Almon J. Sims, 1915-1916; The Crawfords (C.T. Crawford, Sr. &amp; C.T. Crawford, Jr.), 1916-1925.</subfield></datafield><datafield ind1=" " ind2=" " tag="530"><subfield code="a">Archived issues are available in digital format from the Library of Congress Chronicling America online collection.</subfield></datafield><datafield ind1=" " ind2=" " tag="580"><subfield code="a">Merged with: Lawrence union, to form: Lawrence democrat-union (Lawrenceburg, Tenn. :1926).</subfield></datafield><datafield ind1=" " ind2=" " tag="588"><subfield code="a">Description based on: Vol. 6, no. 29 (Apr. 25, 1890).</subfield></datafield><datafield ind1=" " ind2="0" tag="651"><subfield code="a">Lawrenceburg (Tenn.)</subfield><subfield code="v">Newspapers.</subfield></datafield><datafield ind1=" " ind2="0" tag="651"><subfield code="a">Lawrence County (Tenn.)</subfield><subfield code="v">Newspapers.</subfield></datafield><datafield ind1=" " ind2="7" tag="651"><subfield code="a">Tennessee</subfield><subfield code="z">Lawrence County.</subfield><subfield code="2">fast</subfield><subfield code="0">(OCoLC)fst01214509</subfield></datafield><datafield ind1=" " ind2="7" tag="651"><subfield code="a">Tennessee</subfield><subfield code="z">Lawrenceburg.</subfield><subfield code="2">fast</subfield><subfield code="0">(OCoLC)fst01224705</subfield></datafield><datafield ind1=" " ind2="7" tag="655"><subfield code="a">Newspapers.</subfield><subfield code="2">fast</subfield><subfield code="0">(OCoLC)fst01423814</subfield></datafield><datafield ind1=" " ind2=" " tag="752"><subfield code="a">United States</subfield><subfield code="b">Tennessee</subfield><subfield code="c">Lawrence</subfield><subfield code="d">Lawrenceburg.</subfield></datafield><datafield ind1="0" ind2="8" tag="776"><subfield code="i">Online version:</subfield><subfield code="t">Lawrence democrat (Lawrenceburg, Tenn.)</subfield><subfield code="x">2376-5593</subfield><subfield code="w">(DLC)  2014218840</subfield><subfield code="w">(OCoLC)895039478</subfield></datafield><datafield ind1="1" ind2="7" tag="785"><subfield code="t">Lawrence union</subfield><subfield code="w">(DLC)sn 97065077</subfield><subfield code="w">(OCoLC)36924005</subfield></datafield><datafield ind1="1" ind2="7" tag="785"><subfield code="t">Lawrence democrat-union (Lawrenceburg, Tenn. : 1926)</subfield><subfield code="w">(DLC)sn 97065074</subfield><subfield code="w">(OCoLC)36924059</subfield></datafield><datafield ind1="4" ind2="1" tag="856"><subfield code="u">http://www.loc.gov/chroniclingamerica/lccn/sn97065075/issues</subfield></datafield><datafield ind1="1" ind2=" " tag="029"><subfield code="a">AU@</subfield><subfield code="b">000013251059</subfield></datafield></record>